@article{fan2008,
  title={Applications of multi-valued quantum algorithms},
  author={Fan, Yale},
  journal={arXiv preprint arXiv:0809.0932},
  year={2008}
}

@article{hunt2020,
  title={Grover's Algorithm and Many-Valued Quantum Logic},
  author={Hunt, Samuel and Gadouleau, Maximilien},
  journal={arXiv preprint arXiv:2001.06316},
  year={2020}
}

@article{appel2020,
  title={Finite-Function-Encoding Quantum States},
  author={Appel, Paul and Heilman, Alexander J and Wertz, Ezekiel W and Lyons, David W and Huber, Marcus and Pivoluska, Matej and Vitagliano, Giuseppe},
  journal={arXiv preprint arXiv:2012.00490},
  year={2020}
}