@article{childress2013diamond,
  title={Diamond NV centers for quantum computing and quantum networks},
  author={Childress, Lilian and Hanson, Ronald},
  journal={MRS bulletin},
  volume={38},
  number={2},
  pages={134--138},
  year={2013},
  publisher={Cambridge University Press}
}

@article{PhysRevLett.129.100501,
  title = {Experimental Investigation of Quantum Correlations in a Two-Qutrit Spin System},
  author = {Fu, Yue and Liu, Wenquan and Ye, Xiangyu and Wang, Ya and Zhang, Chengjie and Duan, Chang-Kui and Rong, Xing and Du, Jiangfeng},
  journal = {Phys. Rev. Lett.},
  volume = {129},
  issue = {10},
  pages = {100501},
  numpages = {6},
  year = {2022},
  month = {Aug},
  publisher = {American Physical Society},
  doi = {10.1103/PhysRevLett.129.100501},
  url = {https://link.aps.org/doi/10.1103/PhysRevLett.129.100501}
}

@article{gali2019ab,
  title={Ab initio theory of the nitrogen-vacancy center in diamond},
  author={Gali, {\'A}d{\'a}m},
  journal={Nanophotonics},
  volume={8},
  number={11},
  pages={1907--1943},
  year={2019},
  publisher={De Gruyter}
}

@article{PhysRevB.85.205203,
  title = {Theory of the ground-state spin of the NV${}^{\ensuremath{-}}$ center in diamond},
  author = {Doherty, M. W. and Dolde, F. and Fedder, H. and Jelezko, F. and Wrachtrup, J. and Manson, N. B. and Hollenberg, L. C. L.},
  journal = {Phys. Rev. B},
  volume = {85},
  issue = {20},
  pages = {205203},
  numpages = {21},
  year = {2012},
  month = {May},
  publisher = {American Physical Society},
  doi = {10.1103/PhysRevB.85.205203},
  url = {https://link.aps.org/doi/10.1103/PhysRevB.85.205203}
}
