


%%Maybe interesting, uses graph duals (which are hypergraphs with node representing edges) to learn representations for graph edges
@article{jo2021edge,
  title={Edge Representation Learning with Hypergraphs},
  author={Jo, Jaehyeong and Baek, Jinheon and Lee, Seul and Kim, Dongki and Kang, Minki and Hwang, Sung Ju},
  journal={Advances in Neural Information Processing Systems},
  volume={34},
  pages={7534--7546},
  year={2021}
}

%%SchNet
@article{schnet,
  title={Schnet: A continuous-filter convolutional neural network for modeling quantum interactions},
  author={Sch{\"u}tt, Kristof and Kindermans, Pieter-Jan and Sauceda Felix, Huziel Enoc and Chmiela, Stefan and Tkatchenko, Alexandre and M{\"u}ller, Klaus-Robert},
  journal={Advances in neural information processing systems},
  volume={30},
  year={2017}
}

%%CGCNN
@article{cgcnn,
  title={Crystal graph convolutional neural networks for an accurate and interpretable prediction of material properties},
  author={Xie, Tian and Grossman, Jeffrey C},
  journal={Physical review letters},
  volume={120},
  number={14},
  pages={145301},
  year={2018},
  publisher={APS}
}


%%AMDNet
@article{amdnet,
  title={Structure motif--centric learning framework for inorganic crystalline systems},
  author={Banjade, Huta R and Hauri, Sandro and Zhang, Shanshan and Ricci, Francesco and Gong, Weiyi and Hautier, Geoffroy and Vucetic, Slobodan and Yan, Qimin},
  journal={Science advances},
  volume={7},
  number={17},
  pages={eabf1754},
  year={2021},
  publisher={American Association for the Advancement of Science}
}


%%LSOP Papers
@ARTICLE{orderparam1,
AUTHOR={Zimmermann, Nils E. R. and Horton, Matthew K. and Jain, Anubhav and Haranczyk, Maciej},   
TITLE={Assessing Local Structure Motifs Using Order Parameters for Motif Recognition, Interstitial Identification, and Diffusion Path Characterization},      
JOURNAL={Frontiers in Materials},      
VOLUME={4},           
YEAR={2017},        
URL={https://www.frontiersin.org/articles/10.3389/fmats.2017.00034},       
DOI={10.3389/fmats.2017.00034},      
ISSN={2296-8016}}

@article{orderparam2,
  title={Local structure order parameters and site fingerprints for quantification of coordination environment and crystal structure similarity},
  author={Zimmermann, Nils ER and Jain, Anubhav},
  journal={RSC advances},
  volume={10},
  number={10},
  pages={6063--6081},
  year={2020},
  publisher={Royal Society of Chemistry}
}


%%CSM Papers
@article{csm_polyhedra,
  title={Continuous symmetry measures. 5. The classical polyhedra},
  author={Pinsky, Mark and Avnir, David},
  journal={Inorganic chemistry},
  volume={37},
  number={21},
  pages={5575--5582},
  year={1998},
  publisher={ACS Publications}
}

@article{chemenv,
  title={ChemEnv: a fast and robust coordination environment identification tool},
  author={Waroquiers, David and George, Janine and Horton, Matthew and Schenk, Stephan and Persson, Kristin A and Rignanese, G-M and Gonze, Xavier and Hautier, Geoffroy},
  journal={Acta Crystallographica Section B: Structural Science, Crystal Engineering and Materials},
  volume={76},
  number={4},
  pages={683--695},
  year={2020},
  publisher={International Union of Crystallography}
}


%%M3GNet
@article{m3gnet,
  title={A universal graph deep learning interatomic potential for the periodic table},
  author={Chen, Chi and Ong, Shyue Ping},
  journal={Nature Computational Science},
  volume={2},
  number={11},
  pages={718--728},
  year={2022},
  publisher={Nature Publishing Group US New York}
}

%%LineGraph
@article{alignn,
  title={Atomistic Line Graph Neural Network for improved materials property predictions},
  author={Choudhary, Kamal and DeCost, Brian},
  journal={npj Computational Materials},
  volume={7},
  number={1},
  pages={1--8},
  year={2021},
  publisher={Nature Publishing Group}
}

%%MPNN-Gilmore
@inproceedings{mpnn,
  title={Neural message passing for quantum chemistry},
  author={Gilmer, Justin and Schoenholz, Samuel S and Riley, Patrick F and Vinyals, Oriol and Dahl, George E},
  booktitle={International conference on machine learning},
  pages={1263--1272},
  year={2017},
  organization={PMLR}
}

%%%Hypergraph convolution 
@article{hypergraphconv,
  title={Hypergraph convolution and hypergraph attention},
  author={Bai, Song and Zhang, Feihu and Torr, Philip HS},
  journal={Pattern Recognition},
  volume={110},
  pages={107637},
  year={2021},
  publisher={Elsevier}
}


%%MEGNet
@article{megnet,
  title={Graph networks as a universal machine learning framework for molecules and crystals},
  author={Chen, Chi and Ye, Weike and Zuo, Yunxing and Zheng, Chen and Ong, Shyue Ping},
  journal={Chemistry of Materials},
  volume={31},
  number={9},
  pages={3564--3572},
  year={2019},
  publisher={ACS Publications}
}

%%coNGN
@article{congn,
  title={Connectivity optimized nested line graph networks for crystal structures},
  author={Ruff, Robin and Reiser, Patrick and St{\"u}hmer, Jan and Friederich, Pascal},
  journal={Digital Discovery},
  year={2024},
  publisher={Royal Society of Chemistry}
}