@article{PRXQuantum.1.020317,
  title = {Teleportation Systems Toward a Quantum Internet},
  author = {Valivarthi, Raju and Davis, Samantha I. and Pe\~na, Cristi\'an and Xie, Si and Lauk, Nikolai and Narv\'aez, Lautaro and Allmaras, Jason P. and Beyer, Andrew D. and Gim, Yewon and Hussein, Meraj and Iskander, George and Kim, Hyunseong Linus and Korzh, Boris and Mueller, Andrew and Rominsky, Mandy and Shaw, Matthew and Tang, Dawn and Wollman, Emma E. and Simon, Christoph and Spentzouris, Panagiotis and Oblak, Daniel and Sinclair, Neil and Spiropulu, Maria},
  journal = {PRX Quantum},
  volume = {1},
  issue = {2},
  pages = {020317},
  numpages = {16},
  year = {2020},
  month = {Dec},
  publisher = {American Physical Society},
  doi = {10.1103/PRXQuantum.1.020317},
  url = {https://link.aps.org/doi/10.1103/PRXQuantum.1.020317}
}
