@book{arnold,
	title	= {Mathematical methods of classical mechanics},
	edition = {2nd},
	author	= {Arnold, Vladimir Igorevich},
	volume	= {60},
	year	= {1989},
	publisher	= {Springer Science \& Business Media}
}

@book{coopersmith,
 author = {Coopersmith, Jennifer},
 title = {The lazy universe: An introduction to the principle of least action},
 publisher = {Oxford University Press},
 year = {2017},
 address = {Oxford New York, NY},
 isbn = {978-0198743040}
 }
 
 @Book{abraham,
 author = {Abraham, Ralph},
 title = {Foundations of mechanics},
 publisher = {Benjamin/Cummings Pub. Co},
 year = {1978},
 address = {Reading, Mass},
 isbn = {978-0805301021}
 }
 
 @book{lanczos, place={New York}, title={The variational principles of mechanics}, publisher={Dover Publications}, author={Lanczos, Cornelius}, year={2005}}
 
 @book{landau, place={Pergamon}, title={Course of theoretical physics. vol. 1: Mechanics}, publisher={Oxford}, author={Landau, L. D. and Lifshitz, E. M.}, year={1969}}
 
 @book{soper, place={Mineola (N.Y.)}, title={Classical field theory}, publisher={Dover Publications}, author={Soper, Davison E.}, year={2008}}

@misc{goldstein,
  title={Classical mechanics},
  author={Goldstein, Herbert and Poole, Charles and Safko, John},
  year={2002},
  publisher={American Association of Physics Teachers}
}

@book{cline,
  title={Variational principles in classical mechanics},
  author={Cline, Douglas},
  year={2017},
  publisher={University of Rochester River Campus Librarie}
}