@article{strainnet,
      title={StrainTensorNet: Predicting crystal structure elastic properties using SE(3)-equivariant graph neural networks}, 
      author={Teerachote Pakornchote and Annop Ektarawong and Thiparat Chotibut},
      year={2023},
      eprint={2306.12818},
      archivePrefix={arXiv},
      primaryClass={cond-mat.dis-nn},
      ANNOTATE = {StrainTensorNet predicts the components of the elastic tensor using an equivariant network by predicting the Strain-Energy Density (SED) components (an invariant representation) for various stresses and using these to extract elastic properties.},
      url = {https://arxiv.org/abs/2306.12818}
}

@article{harmonictensors,
      title={Spherical Harmonic Tensors}, 
      author={Francisco Gonzalez Ledesma and Matthew Mewes},
      year={2020},
      eprint={2010.09433},
      archivePrefix={arXiv},
      primaryClass={},
      ANNOTATE = {This paper gives a mathematical treatment of spherical harmonic tensors and uses them in decompositions of symmetric tensors in general. It also introduces Young diagrams in Appendix B, and applies them in two instances.},
      url = {https://arxiv.org/pdf/2010.09433}
}

@article{ETGNN,
	title={A general tensor prediction framework based on graph neural networks},
	author={Hongjun Xiang, Yang Zhong, Hongyu Yu and Xinggao Gong},
	year = {2022},
    ANNOTATE = {This paper proposes a similar SO(3) decomposition of tensors to predict piezoelectric, dielectric, and other tensors.},	
 	url = {https://doi.org/10.21203/rs.3.rs-1900756/v1}
}


@article{MatTen,
	title={A universal equivariant graph neural network for the elasticity tensors of any crystal system},
	author={Mingjian Wen and Matthew K. Horton and Jason M. Munro and Patrick Huck and Kristin A. Persson},
      year={2023},
      eprint={2307.15242},
      archivePrefix={arXiv},
      primaryClass={cond-mat.mtrl-sci},
    ANNOTATE = {This paper by the materials project team is our original punchline, giving Backus' spherical harmonic decomposition of the elastic tensor and reading it off of the irreps of the equivariant output. },	
 	url = {https://arxiv.org/abs/2307.15242}
}

@article{venetos2023machine,
  title={Machine learning full NMR chemical shift tensors of silicon oxides with equivariant graph neural networks},
  author={Venetos, Maxwell C and Wen, Mingjian and Persson, Kristin A},
  journal={The Journal of Physical Chemistry A},
  volume={127},
  number={10},
  pages={2388--2398},
  year={2023},
  publisher={ACS Publications},
  ANNOTATE = {This paper applies symmetry and harmonic decompositions to the NMR spectra shift tensor to predict them equivariantly. }
}

@article{moleculartensors,
  title = {Predicting tensorial molecular properties with equivariant machine learning models},
  author = {Nguyen, Vu Ha Anh and Lunghi, Alessandro},
  journal = {Phys. Rev. B},
  volume = {105},
  issue = {16},
  pages = {165131},
  numpages = {6},
  year = {2022},
  month = {Apr},
  publisher = {American Physical Society},
  doi = {10.1103/PhysRevB.105.165131},
    ANNOTATE = {Here, equivariant tensor prediction is applied to various molecular targets. },
  url = {https://link.aps.org/doi/10.1103/PhysRevB.105.165131}
}

@article{backus1970geometrical,
  title={A geometrical picture of anisotropic elastic tensors},
  author={Backus, George},
  journal={Reviews of geophysics},
  volume={8},
  number={3},
  pages={633--671},
  year={1970},
  publisher={Wiley Online Library},
  url = {https://agupubs.onlinelibrary.wiley.com/doi/abs/10.1029/RG008i003p00633},
  ANNOTATE = {This paper is the original spherical harmonic decomposition of the elastic tensor (as far as I'm aware). It does the harmonic decomposition in terms of a Maxwell multipole expansion, so that one can get a set of bundles of vectors that represent a 'geometrical' picture of an elastic tensor.}
}

@article{mochizuki1988spherical,
  title={Spherical harmonic decomposition of an elastic tensor},
  author={Mochizuki, Eiji},
  journal={Geophysical Journal International},
  volume={93},
  number={3},
  pages={521--526},
  year={1988},
  publisher={Blackwell Publishing Ltd Oxford, UK},
 url = {https://academic.oup.com/gji/article/93/3/521/662002},
  ANNOTATE = {This paper offers a novel harmonic decomposition of the elastic tensor by means of a unique choice of basis: the $J_z$ basis. This allows one to clearly see the connection between real-space components and harmonic components via Clebsch-Gordan coefficients.}
}

@article{mtcgcnn,
      title={MT-CGCNN: Integrating Crystal Graph Convolutional Neural Network with Multitask Learning for Material Property Prediction}, 
      author={Soumya Sanyal and Janakiraman Balachandran and Naganand Yadati and Abhishek Kumar and Padmini Rajagopalan and Suchismita Sanyal and Partha Talukdar},
      year={2018},
      eprint={1811.05660},
      archivePrefix={arXiv},
      primaryClass={cs.LG},
      ANNOTATE = {This was the first attempt to train a multi-target CGCNN for scalar target properties.},
       url = {https://arxiv.org/abs/1811.05660}
}

@article{tlcgcnn,
  title={Transfer learning for materials informatics using crystal graph convolutional neural network},
  author={Lee, Joohwi and Asahi, Ryoji},
  journal={Computational Materials Science},
  volume={190},
  pages={110314},
  year={2021},
  publisher={Elsevier},
  ANNOTATE = {Here, transfer learning is utilized for a CGCNN-like model where pretraining is performed on the larger datasets of targets (like formation energy per atom) and then the model is adapted to sparser target sets (like bulk moduli)},
  url = {https://www.sciencedirect.com/science/article/abs/pii/S0927025621000392}
}

@article{mochizuki1996spherical,
  title={Spherical Harmonic Decomposition of an Elastic Tensor II},
  author={Mochizuki, Eiji},
  journal={Journal of Physics of the Earth},
  volume={44},
  number={1},
  pages={79--84},
  year={1996},
  url = {https://www.jstage.jst.go.jp/article/jpe1952/44/1/44_1_79/_article/-char/ja/},
  ANNOTATE = {A second decomposition offered by Mochizuki that I haven't used.}
}

@misc{elastictensors,
	title = {https://serc.carleton.edu/NAGTWorkshops/mineralogy/mineral_physics/tensors.html},
	ANNOTATE = {This is a brief introduction to stress, strain and elastic tensors.}
}